[
{"type":"header","version":"5.2.1","comment":"Export to JSON plugin for PHPMyAdmin"},
{"type":"database","name":"canagold"},
{"type":"table","name":"wpuf_wc_order_stats","database":"canagold","data":
[
{"order_id":"1013","parent_id":"0","date_created":"2019-12-14 23:50:10","date_created_gmt":"2019-12-14 23:50:10","num_items_sold":"1","total_sales":"120","tax_total":"0","shipping_total":"0","net_total":"120","returning_customer":"0","status":"wc-processing","customer_id":"2","date_paid":"2019-12-14 16:50:52","date_completed":"0000-00-00 00:00:00"},
{"order_id":"1051","parent_id":"0","date_created":"2019-12-16 13:05:21","date_created_gmt":"2019-12-16 13:05:21","num_items_sold":"1","total_sales":"2500","tax_total":"0","shipping_total":"50","net_total":"2450","returning_customer":"0","status":"wc-cancelled","customer_id":"3","date_paid":"0000-00-00 00:00:00","date_completed":"0000-00-00 00:00:00"},
{"order_id":"1158","parent_id":"0","date_created":"2019-12-21 02:53:54","date_created_gmt":"2019-12-21 02:53:54","num_items_sold":"1","total_sales":"2549","tax_total":"0","shipping_total":"99","net_total":"2450","returning_customer":"0","status":"wc-processing","customer_id":"4","date_paid":"2019-12-20 19:56:09","date_completed":"0000-00-00 00:00:00"},
{"order_id":"1571","parent_id":"0","date_created":"2020-01-06 20:02:55","date_created_gmt":"2020-01-06 20:02:55","num_items_sold":"1","total_sales":"0","tax_total":"0","shipping_total":"0","net_total":"0","returning_customer":"0","status":"wc-processing","customer_id":"6","date_paid":"2020-01-06 13:02:56","date_completed":"0000-00-00 00:00:00"},
{"order_id":"1777","parent_id":"0","date_created":"2020-01-15 17:52:30","date_created_gmt":"2020-01-15 17:52:30","num_items_sold":"1","total_sales":"399","tax_total":"0","shipping_total":"0","net_total":"399","returning_customer":"0","status":"wc-cancelled","customer_id":"7","date_paid":"0000-00-00 00:00:00","date_completed":"0000-00-00 00:00:00"},
{"order_id":"1779","parent_id":"0","date_created":"2020-01-15 17:53:45","date_created_gmt":"2020-01-15 17:53:45","num_items_sold":"2","total_sales":"798","tax_total":"0","shipping_total":"0","net_total":"798","returning_customer":"0","status":"wc-cancelled","customer_id":"7","date_paid":"0000-00-00 00:00:00","date_completed":"0000-00-00 00:00:00"},
{"order_id":"1813","parent_id":"0","date_created":"2020-01-17 03:19:58","date_created_gmt":"2020-01-17 03:19:58","num_items_sold":"1","total_sales":"0","tax_total":"0","shipping_total":"0","net_total":"0","returning_customer":"1","status":"wc-processing","customer_id":"6","date_paid":"2020-01-16 20:19:58","date_completed":"0000-00-00 00:00:00"},
{"order_id":"1815","parent_id":"0","date_created":"2020-01-17 03:41:43","date_created_gmt":"2020-01-17 03:41:43","num_items_sold":"2","total_sales":"399","tax_total":"0","shipping_total":"0","net_total":"399","returning_customer":"1","status":"wc-cancelled","customer_id":"6","date_paid":"0000-00-00 00:00:00","date_completed":"0000-00-00 00:00:00"},
{"order_id":"2177","parent_id":"0","date_created":"2020-01-28 07:21:34","date_created_gmt":"2020-01-28 07:21:34","num_items_sold":"2","total_sales":"798","tax_total":"0","shipping_total":"0","net_total":"798","returning_customer":"1","status":"wc-completed","customer_id":"6","date_paid":"2020-01-28 00:21:38","date_completed":"2020-01-30 11:12:39"},
{"order_id":"2184","parent_id":"0","date_created":"2020-01-28 11:18:00","date_created_gmt":"2020-01-28 11:18:00","num_items_sold":"1","total_sales":"1","tax_total":"0","shipping_total":"0","net_total":"1","returning_customer":"1","status":"wc-refunded","customer_id":"6","date_paid":"2020-01-28 04:18:06","date_completed":"0000-00-00 00:00:00"},
{"order_id":"2228","parent_id":"2184","date_created":"2020-01-30 08:48:02","date_created_gmt":"2020-01-30 08:48:02","num_items_sold":"0","total_sales":"-1","tax_total":"0","shipping_total":"0","net_total":"-1","returning_customer":null,"status":"wc-refunded","customer_id":"6","date_paid":"0000-00-00 00:00:00","date_completed":"0000-00-00 00:00:00"},
{"order_id":"349","parent_id":"0","date_created":"2019-01-08 04:35:05","date_created_gmt":"2019-01-08 04:35:05","num_items_sold":"1","total_sales":"60","tax_total":"0","shipping_total":"0","net_total":"60","returning_customer":"0","status":"wc-processing","customer_id":"806","date_paid":"1969-12-31 17:00:00","date_completed":"1969-12-31 17:00:00"},
{"order_id":"360","parent_id":"0","date_created":"2019-01-16 07:17:59","date_created_gmt":"2019-01-16 07:17:59","num_items_sold":"1","total_sales":"60","tax_total":"0","shipping_total":"0","net_total":"60","returning_customer":"0","status":"wc-processing","customer_id":"807","date_paid":"1969-12-31 17:00:00","date_completed":"1969-12-31 17:00:00"},
{"order_id":"361","parent_id":"0","date_created":"2019-01-16 07:27:57","date_created_gmt":"2019-01-16 07:27:57","num_items_sold":"3","total_sales":"180","tax_total":"0","shipping_total":"0","net_total":"180","returning_customer":"0","status":"wc-processing","customer_id":"808","date_paid":"1969-12-31 17:00:00","date_completed":"1969-12-31 17:00:00"},
{"order_id":"362","parent_id":"0","date_created":"2019-01-16 07:57:55","date_created_gmt":"2019-01-16 07:57:55","num_items_sold":"1","total_sales":"60","tax_total":"0","shipping_total":"0","net_total":"60","returning_customer":"0","status":"wc-processing","customer_id":"809","date_paid":"1969-12-31 17:00:00","date_completed":"1969-12-31 17:00:00"},
{"order_id":"363","parent_id":"0","date_created":"2019-01-16 08:05:16","date_created_gmt":"2019-01-16 08:05:16","num_items_sold":"1","total_sales":"60","tax_total":"0","shipping_total":"0","net_total":"60","returning_customer":"0","status":"wc-processing","customer_id":"810","date_paid":"1969-12-31 17:00:00","date_completed":"1969-12-31 17:00:00"},
{"order_id":"364","parent_id":"0","date_created":"2019-01-16 08:08:16","date_created_gmt":"2019-01-16 08:08:16","num_items_sold":"1","total_sales":"60","tax_total":"0","shipping_total":"0","net_total":"60","returning_customer":"0","status":"wc-processing","customer_id":"811","date_paid":"1969-12-31 17:00:00","date_completed":"1969-12-31 17:00:00"},
{"order_id":"379","parent_id":"0","date_created":"2019-01-18 17:24:56","date_created_gmt":"2019-01-18 17:24:56","num_items_sold":"1","total_sales":"50","tax_total":"0","shipping_total":"0","net_total":"50","returning_customer":"0","status":"wc-processing","customer_id":"812","date_paid":"1969-12-31 17:00:00","date_completed":"1969-12-31 17:00:00"},
{"order_id":"380","parent_id":"0","date_created":"2019-01-18 18:14:38","date_created_gmt":"2019-01-18 18:14:38","num_items_sold":"2","total_sales":"120","tax_total":"0","shipping_total":"0","net_total":"120","returning_customer":"0","status":"wc-processing","customer_id":"813","date_paid":"1969-12-31 17:00:00","date_completed":"1969-12-31 17:00:00"},
{"order_id":"431","parent_id":"0","date_created":"2019-01-24 06:48:11","date_created_gmt":"2019-01-24 06:48:11","num_items_sold":"1","total_sales":"50","tax_total":"0","shipping_total":"0","net_total":"50","returning_customer":"0","status":"wc-processing","customer_id":"814","date_paid":"1969-12-31 17:00:00","date_completed":"1969-12-31 17:00:00"},
{"order_id":"509","parent_id":"0","date_created":"2019-03-26 00:57:37","date_created_gmt":"2019-03-26 00:57:37","num_items_sold":"3","total_sales":"1197","tax_total":"0","shipping_total":"0","net_total":"1197","returning_customer":"0","status":"wc-processing","customer_id":"815","date_paid":"1969-12-31 17:00:00","date_completed":"1969-12-31 17:00:00"},
{"order_id":"518","parent_id":"0","date_created":"2019-03-26 10:49:52","date_created_gmt":"2019-03-26 10:49:52","num_items_sold":"3","total_sales":"1030","tax_total":"0","shipping_total":"0","net_total":"1030","returning_customer":"1","status":"wc-cancelled","customer_id":"814","date_paid":"1969-12-31 17:00:00","date_completed":"1969-12-31 17:00:00"},
{"order_id":"521","parent_id":"0","date_created":"2019-03-27 16:46:42","date_created_gmt":"2019-03-27 16:46:42","num_items_sold":"1","total_sales":"100","tax_total":"0","shipping_total":"0","net_total":"100","returning_customer":"1","status":"wc-cancelled","customer_id":"815","date_paid":"1969-12-31 17:00:00","date_completed":"1969-12-31 17:00:00"},
{"order_id":"522","parent_id":"0","date_created":"2019-03-27 18:12:28","date_created_gmt":"2019-03-27 18:12:28","num_items_sold":"2","total_sales":"800","tax_total":"0","shipping_total":"0","net_total":"800","returning_customer":"1","status":"wc-cancelled","customer_id":"815","date_paid":"1969-12-31 17:00:00","date_completed":"1969-12-31 17:00:00"},
{"order_id":"540","parent_id":"0","date_created":"2019-04-27 06:46:30","date_created_gmt":"2019-04-27 06:46:30","num_items_sold":"2","total_sales":"0","tax_total":"0","shipping_total":"0","net_total":"0","returning_customer":"0","status":"wc-processing","customer_id":"816","date_paid":"2019-04-26 23:46:30","date_completed":"1969-12-31 17:00:00"},
{"order_id":"542","parent_id":"0","date_created":"2019-04-27 07:30:42","date_created_gmt":"2019-04-27 07:30:42","num_items_sold":"1","total_sales":"0","tax_total":"0","shipping_total":"0","net_total":"0","returning_customer":"1","status":"wc-processing","customer_id":"816","date_paid":"2019-04-27 00:30:42","date_completed":"1969-12-31 17:00:00"},
{"order_id":"543","parent_id":"0","date_created":"2019-04-27 08:54:16","date_created_gmt":"2019-04-27 08:54:16","num_items_sold":"1","total_sales":"0","tax_total":"0","shipping_total":"0","net_total":"0","returning_customer":"1","status":"wc-processing","customer_id":"816","date_paid":"2019-04-27 01:54:16","date_completed":"1969-12-31 17:00:00"},
{"order_id":"544","parent_id":"0","date_created":"2019-04-27 10:20:42","date_created_gmt":"2019-04-27 10:20:42","num_items_sold":"1","total_sales":"0","tax_total":"0","shipping_total":"0","net_total":"0","returning_customer":"1","status":"wc-processing","customer_id":"816","date_paid":"2019-04-27 03:20:42","date_completed":"1969-12-31 17:00:00"},
{"order_id":"545","parent_id":"0","date_created":"2019-04-30 03:25:47","date_created_gmt":"2019-04-30 03:25:47","num_items_sold":"1","total_sales":"0","tax_total":"0","shipping_total":"0","net_total":"0","returning_customer":"1","status":"wc-processing","customer_id":"816","date_paid":"2019-04-29 20:25:47","date_completed":"1969-12-31 17:00:00"},
{"order_id":"546","parent_id":"0","date_created":"2019-04-30 03:39:04","date_created_gmt":"2019-04-30 03:39:04","num_items_sold":"1","total_sales":"0","tax_total":"0","shipping_total":"0","net_total":"0","returning_customer":"1","status":"wc-processing","customer_id":"816","date_paid":"2019-04-29 20:39:05","date_completed":"1969-12-31 17:00:00"},
{"order_id":"547","parent_id":"0","date_created":"2019-04-30 03:45:02","date_created_gmt":"2019-04-30 03:45:02","num_items_sold":"1","total_sales":"0","tax_total":"0","shipping_total":"0","net_total":"0","returning_customer":"1","status":"wc-processing","customer_id":"816","date_paid":"2019-04-29 20:45:02","date_completed":"1969-12-31 17:00:00"},
{"order_id":"548","parent_id":"0","date_created":"2019-04-30 03:50:42","date_created_gmt":"2019-04-30 03:50:42","num_items_sold":"1","total_sales":"0","tax_total":"0","shipping_total":"0","net_total":"0","returning_customer":"1","status":"wc-processing","customer_id":"816","date_paid":"2019-04-29 20:50:42","date_completed":"1969-12-31 17:00:00"},
{"order_id":"549","parent_id":"0","date_created":"2019-04-30 03:53:11","date_created_gmt":"2019-04-30 03:53:11","num_items_sold":"2","total_sales":"0","tax_total":"0","shipping_total":"0","net_total":"0","returning_customer":"1","status":"wc-processing","customer_id":"816","date_paid":"2019-04-29 20:53:11","date_completed":"1969-12-31 17:00:00"},
{"order_id":"550","parent_id":"0","date_created":"2019-04-30 03:55:16","date_created_gmt":"2019-04-30 03:55:16","num_items_sold":"1","total_sales":"0","tax_total":"0","shipping_total":"0","net_total":"0","returning_customer":"1","status":"wc-processing","customer_id":"816","date_paid":"2019-04-29 20:55:17","date_completed":"1969-12-31 17:00:00"},
{"order_id":"551","parent_id":"0","date_created":"2019-04-30 04:02:38","date_created_gmt":"2019-04-30 04:02:38","num_items_sold":"1","total_sales":"0","tax_total":"0","shipping_total":"0","net_total":"0","returning_customer":"1","status":"wc-processing","customer_id":"816","date_paid":"2019-04-29 21:02:38","date_completed":"1969-12-31 17:00:00"},
{"order_id":"552","parent_id":"0","date_created":"2019-04-30 04:04:26","date_created_gmt":"2019-04-30 04:04:26","num_items_sold":"1","total_sales":"0","tax_total":"0","shipping_total":"0","net_total":"0","returning_customer":"0","status":"wc-processing","customer_id":"817","date_paid":"2019-04-29 21:04:26","date_completed":"1969-12-31 17:00:00"},
{"order_id":"553","parent_id":"0","date_created":"2019-04-30 04:31:21","date_created_gmt":"2019-04-30 04:31:21","num_items_sold":"1","total_sales":"0","tax_total":"0","shipping_total":"0","net_total":"0","returning_customer":"1","status":"wc-processing","customer_id":"817","date_paid":"2019-04-29 21:31:21","date_completed":"1969-12-31 17:00:00"},
{"order_id":"555","parent_id":"0","date_created":"2019-04-30 05:39:55","date_created_gmt":"2019-04-30 05:39:55","num_items_sold":"1","total_sales":"0","tax_total":"0","shipping_total":"0","net_total":"0","returning_customer":"1","status":"wc-processing","customer_id":"817","date_paid":"2019-04-29 22:39:55","date_completed":"1969-12-31 17:00:00"},
{"order_id":"556","parent_id":"0","date_created":"2019-04-30 06:09:36","date_created_gmt":"2019-04-30 06:09:36","num_items_sold":"1","total_sales":"0","tax_total":"0","shipping_total":"0","net_total":"0","returning_customer":"1","status":"wc-processing","customer_id":"816","date_paid":"2019-04-29 23:09:36","date_completed":"1969-12-31 17:00:00"},
{"order_id":"558","parent_id":"0","date_created":"2019-04-30 06:22:10","date_created_gmt":"2019-04-30 06:22:10","num_items_sold":"1","total_sales":"0","tax_total":"0","shipping_total":"0","net_total":"0","returning_customer":"1","status":"wc-processing","customer_id":"816","date_paid":"2019-04-29 23:22:10","date_completed":"1969-12-31 17:00:00"},
{"order_id":"559","parent_id":"0","date_created":"2019-04-30 07:08:22","date_created_gmt":"2019-04-30 07:08:22","num_items_sold":"1","total_sales":"0","tax_total":"0","shipping_total":"0","net_total":"0","returning_customer":"1","status":"wc-processing","customer_id":"817","date_paid":"2019-04-30 00:08:22","date_completed":"1969-12-31 17:00:00"},
{"order_id":"560","parent_id":"0","date_created":"2019-04-30 07:14:48","date_created_gmt":"2019-04-30 07:14:48","num_items_sold":"1","total_sales":"0","tax_total":"0","shipping_total":"0","net_total":"0","returning_customer":"1","status":"wc-processing","customer_id":"817","date_paid":"2019-04-30 00:14:48","date_completed":"1969-12-31 17:00:00"},
{"order_id":"561","parent_id":"0","date_created":"2019-04-30 07:29:42","date_created_gmt":"2019-04-30 07:29:42","num_items_sold":"1","total_sales":"0","tax_total":"0","shipping_total":"0","net_total":"0","returning_customer":"1","status":"wc-processing","customer_id":"814","date_paid":"2019-04-30 00:29:43","date_completed":"1969-12-31 17:00:00"},
{"order_id":"562","parent_id":"0","date_created":"2019-04-30 07:30:57","date_created_gmt":"2019-04-30 07:30:57","num_items_sold":"1","total_sales":"0","tax_total":"0","shipping_total":"0","net_total":"0","returning_customer":"0","status":"wc-processing","customer_id":"818","date_paid":"2019-04-30 00:30:58","date_completed":"1969-12-31 17:00:00"},
{"order_id":"563","parent_id":"0","date_created":"2019-04-30 07:33:57","date_created_gmt":"2019-04-30 07:33:57","num_items_sold":"1","total_sales":"0","tax_total":"0","shipping_total":"0","net_total":"0","returning_customer":"1","status":"wc-processing","customer_id":"809","date_paid":"2019-04-30 00:33:57","date_completed":"1969-12-31 17:00:00"},
{"order_id":"564","parent_id":"0","date_created":"2019-04-30 07:54:23","date_created_gmt":"2019-04-30 07:54:23","num_items_sold":"1","total_sales":"0","tax_total":"0","shipping_total":"0","net_total":"0","returning_customer":"1","status":"wc-processing","customer_id":"817","date_paid":"2019-04-30 00:54:23","date_completed":"1969-12-31 17:00:00"},
{"order_id":"565","parent_id":"0","date_created":"2019-04-30 07:56:47","date_created_gmt":"2019-04-30 07:56:47","num_items_sold":"1","total_sales":"0","tax_total":"0","shipping_total":"0","net_total":"0","returning_customer":"1","status":"wc-processing","customer_id":"817","date_paid":"2019-04-30 00:56:48","date_completed":"1969-12-31 17:00:00"},
{"order_id":"566","parent_id":"0","date_created":"2019-04-30 08:55:04","date_created_gmt":"2019-04-30 08:55:04","num_items_sold":"1","total_sales":"0","tax_total":"0","shipping_total":"0","net_total":"0","returning_customer":"0","status":"wc-processing","customer_id":"819","date_paid":"2019-04-30 01:55:04","date_completed":"1969-12-31 17:00:00"},
{"order_id":"567","parent_id":"0","date_created":"2019-04-30 09:01:45","date_created_gmt":"2019-04-30 09:01:45","num_items_sold":"1","total_sales":"0","tax_total":"0","shipping_total":"0","net_total":"0","returning_customer":"1","status":"wc-processing","customer_id":"819","date_paid":"2019-04-30 02:01:46","date_completed":"1969-12-31 17:00:00"},
{"order_id":"568","parent_id":"0","date_created":"2019-04-30 09:55:01","date_created_gmt":"2019-04-30 09:55:01","num_items_sold":"1","total_sales":"0","tax_total":"0","shipping_total":"0","net_total":"0","returning_customer":"1","status":"wc-processing","customer_id":"819","date_paid":"2019-04-30 02:55:01","date_completed":"1969-12-31 17:00:00"},
{"order_id":"569","parent_id":"0","date_created":"2019-04-30 10:02:01","date_created_gmt":"2019-04-30 10:02:01","num_items_sold":"1","total_sales":"0","tax_total":"0","shipping_total":"0","net_total":"0","returning_customer":"1","status":"wc-processing","customer_id":"816","date_paid":"2019-04-30 03:02:01","date_completed":"1969-12-31 17:00:00"},
{"order_id":"570","parent_id":"0","date_created":"2019-04-30 10:04:26","date_created_gmt":"2019-04-30 10:04:26","num_items_sold":"1","total_sales":"0","tax_total":"0","shipping_total":"0","net_total":"0","returning_customer":"1","status":"wc-processing","customer_id":"816","date_paid":"2019-04-30 03:04:26","date_completed":"1969-12-31 17:00:00"},
{"order_id":"571","parent_id":"0","date_created":"2019-04-30 10:08:35","date_created_gmt":"2019-04-30 10:08:35","num_items_sold":"1","total_sales":"0","tax_total":"0","shipping_total":"0","net_total":"0","returning_customer":"1","status":"wc-processing","customer_id":"816","date_paid":"2019-04-30 03:08:35","date_completed":"1969-12-31 17:00:00"},
{"order_id":"572","parent_id":"0","date_created":"2019-05-01 03:16:08","date_created_gmt":"2019-05-01 03:16:08","num_items_sold":"1","total_sales":"0","tax_total":"0","shipping_total":"0","net_total":"0","returning_customer":"1","status":"wc-processing","customer_id":"819","date_paid":"2019-04-30 20:16:08","date_completed":"1969-12-31 17:00:00"},
{"order_id":"573","parent_id":"0","date_created":"2019-05-01 03:23:09","date_created_gmt":"2019-05-01 03:23:09","num_items_sold":"1","total_sales":"0","tax_total":"0","shipping_total":"0","net_total":"0","returning_customer":"1","status":"wc-processing","customer_id":"819","date_paid":"2019-04-30 20:23:09","date_completed":"1969-12-31 17:00:00"},
{"order_id":"643","parent_id":"0","date_created":"2019-05-07 17:34:26","date_created_gmt":"2019-05-07 17:34:26","num_items_sold":"1","total_sales":"399","tax_total":"0","shipping_total":"0","net_total":"399","returning_customer":"0","status":"wc-cancelled","customer_id":"820","date_paid":"1969-12-31 17:00:00","date_completed":"1969-12-31 17:00:00"},
{"order_id":"660","parent_id":"0","date_created":"2019-05-08 09:28:48","date_created_gmt":"2019-05-08 09:28:48","num_items_sold":"1","total_sales":"0","tax_total":"0","shipping_total":"0","net_total":"0","returning_customer":"0","status":"wc-processing","customer_id":"821","date_paid":"2019-05-08 02:28:48","date_completed":"1969-12-31 17:00:00"},
{"order_id":"663","parent_id":"0","date_created":"2019-05-08 11:36:18","date_created_gmt":"2019-05-08 11:36:18","num_items_sold":"2","total_sales":"0","tax_total":"0","shipping_total":"0","net_total":"0","returning_customer":"1","status":"wc-processing","customer_id":"818","date_paid":"2019-05-08 04:36:18","date_completed":"1969-12-31 17:00:00"},
{"order_id":"664","parent_id":"0","date_created":"2019-05-08 11:40:10","date_created_gmt":"2019-05-08 11:40:10","num_items_sold":"3","total_sales":"0","tax_total":"0","shipping_total":"0","net_total":"0","returning_customer":"1","status":"wc-processing","customer_id":"818","date_paid":"2019-05-08 04:40:10","date_completed":"1969-12-31 17:00:00"},
{"order_id":"713","parent_id":"0","date_created":"2019-05-10 11:07:52","date_created_gmt":"2019-05-10 11:07:52","num_items_sold":"1","total_sales":"0","tax_total":"0","shipping_total":"0","net_total":"0","returning_customer":"1","status":"wc-processing","customer_id":"816","date_paid":"2019-05-10 04:07:52","date_completed":"1969-12-31 17:00:00"},
{"order_id":"716","parent_id":"0","date_created":"2019-05-10 11:20:05","date_created_gmt":"2019-05-10 11:20:05","num_items_sold":"4","total_sales":"0","tax_total":"0","shipping_total":"0","net_total":"0","returning_customer":"1","status":"wc-processing","customer_id":"819","date_paid":"2019-05-10 04:20:05","date_completed":"1969-12-31 17:00:00"},
{"order_id":"725","parent_id":"0","date_created":"2019-05-17 12:17:59","date_created_gmt":"2019-05-17 12:17:59","num_items_sold":"2","total_sales":"338","tax_total":"0","shipping_total":"0","net_total":"338","returning_customer":"0","status":"wc-cancelled","customer_id":"822","date_paid":"1969-12-31 17:00:00","date_completed":"1969-12-31 17:00:00"},
{"order_id":"726","parent_id":"0","date_created":"2019-05-17 12:19:07","date_created_gmt":"2019-05-17 12:19:07","num_items_sold":"3","total_sales":"507","tax_total":"0","shipping_total":"0","net_total":"507","returning_customer":"0","status":"wc-cancelled","customer_id":"822","date_paid":"1969-12-31 17:00:00","date_completed":"1969-12-31 17:00:00"},
{"order_id":"759","parent_id":"0","date_created":"2019-07-04 20:49:53","date_created_gmt":"2019-07-04 20:49:53","num_items_sold":"1","total_sales":"399","tax_total":"0","shipping_total":"0","net_total":"399","returning_customer":"0","status":"wc-cancelled","customer_id":"820","date_paid":"1969-12-31 17:00:00","date_completed":"1969-12-31 17:00:00"},
{"order_id":"762","parent_id":"0","date_created":"2019-07-09 21:08:38","date_created_gmt":"2019-07-09 21:08:38","num_items_sold":"1","total_sales":"399","tax_total":"0","shipping_total":"0","net_total":"399","returning_customer":"0","status":"wc-cancelled","customer_id":"820","date_paid":"1969-12-31 17:00:00","date_completed":"1969-12-31 17:00:00"},
{"order_id":"763","parent_id":"0","date_created":"2019-07-10 04:47:18","date_created_gmt":"2019-07-10 04:47:18","num_items_sold":"1","total_sales":"399","tax_total":"0","shipping_total":"0","net_total":"399","returning_customer":"0","status":"wc-cancelled","customer_id":"823","date_paid":"1969-12-31 17:00:00","date_completed":"1969-12-31 17:00:00"},
{"order_id":"764","parent_id":"0","date_created":"2019-07-10 06:12:45","date_created_gmt":"2019-07-10 06:12:45","num_items_sold":"2","total_sales":"200","tax_total":"0","shipping_total":"0","net_total":"200","returning_customer":"0","status":"wc-cancelled","customer_id":"824","date_paid":"1969-12-31 17:00:00","date_completed":"1969-12-31 17:00:00"},
{"order_id":"765","parent_id":"0","date_created":"2019-07-10 07:46:32","date_created_gmt":"2019-07-10 07:46:32","num_items_sold":"1","total_sales":"399","tax_total":"0","shipping_total":"0","net_total":"399","returning_customer":"0","status":"wc-cancelled","customer_id":"825","date_paid":"1969-12-31 17:00:00","date_completed":"1969-12-31 17:00:00"},
{"order_id":"778","parent_id":"0","date_created":"2019-08-08 17:41:28","date_created_gmt":"2019-08-08 17:41:28","num_items_sold":"1","total_sales":"399","tax_total":"0","shipping_total":"0","net_total":"399","returning_customer":"0","status":"wc-cancelled","customer_id":"826","date_paid":"1969-12-31 17:00:00","date_completed":"1969-12-31 17:00:00"},
{"order_id":"806","parent_id":"0","date_created":"2019-09-13 09:37:53","date_created_gmt":"2019-09-13 09:37:53","num_items_sold":"1","total_sales":"399","tax_total":"0","shipping_total":"0","net_total":"399","returning_customer":"0","status":"wc-cancelled","customer_id":"827","date_paid":"0000-00-00 00:00:00","date_completed":"0000-00-00 00:00:00"},
{"order_id":"812","parent_id":"0","date_created":"2019-09-22 16:53:04","date_created_gmt":"2019-09-22 16:53:04","num_items_sold":"1","total_sales":"639.2","tax_total":"0","shipping_total":"0","net_total":"639.2","returning_customer":"0","status":"wc-on-hold","customer_id":"828","date_paid":"2019-09-22 09:54:24","date_completed":"0000-00-00 00:00:00"},
{"order_id":"813","parent_id":"0","date_created":"2019-09-22 18:44:49","date_created_gmt":"2019-09-22 18:44:49","num_items_sold":"1","total_sales":"399","tax_total":"0","shipping_total":"0","net_total":"399","returning_customer":"0","status":"wc-cancelled","customer_id":"1","date_paid":"0000-00-00 00:00:00","date_completed":"0000-00-00 00:00:00"},
{"order_id":"814","parent_id":"0","date_created":"2019-09-22 18:50:43","date_created_gmt":"2019-09-22 18:50:43","num_items_sold":"1","total_sales":"319.2","tax_total":"0","shipping_total":"0","net_total":"319.2","returning_customer":"0","status":"wc-cancelled","customer_id":"1","date_paid":"0000-00-00 00:00:00","date_completed":"0000-00-00 00:00:00"},
{"order_id":"815","parent_id":"0","date_created":"2019-09-22 20:24:40","date_created_gmt":"2019-09-22 20:24:40","num_items_sold":"2","total_sales":"415.2","tax_total":"0","shipping_total":"0","net_total":"415.2","returning_customer":"0","status":"wc-cancelled","customer_id":"32","date_paid":"0000-00-00 00:00:00","date_completed":"0000-00-00 00:00:00"},
{"order_id":"817","parent_id":"0","date_created":"2019-09-24 04:13:13","date_created_gmt":"2019-09-24 04:13:13","num_items_sold":"1","total_sales":"100","tax_total":"0","shipping_total":"0","net_total":"100","returning_customer":"1","status":"wc-cancelled","customer_id":"806","date_paid":"0000-00-00 00:00:00","date_completed":"0000-00-00 00:00:00"},
{"order_id":"818","parent_id":"0","date_created":"2019-09-24 16:36:37","date_created_gmt":"2019-09-24 16:36:37","num_items_sold":"2","total_sales":"638.4","tax_total":"0","shipping_total":"0","net_total":"638.4","returning_customer":"0","status":"wc-cancelled","customer_id":"1","date_paid":"0000-00-00 00:00:00","date_completed":"0000-00-00 00:00:00"},
{"order_id":"823","parent_id":"0","date_created":"2019-10-20 23:22:56","date_created_gmt":"2019-10-20 23:22:56","num_items_sold":"1","total_sales":"120","tax_total":"0","shipping_total":"0","net_total":"120","returning_customer":"0","status":"wc-processing","customer_id":"42","date_paid":"2019-10-20 16:24:15","date_completed":"0000-00-00 00:00:00"},
{"order_id":"826","parent_id":"0","date_created":"2019-11-07 23:06:13","date_created_gmt":"2019-11-07 23:06:13","num_items_sold":"1","total_sales":"399","tax_total":"0","shipping_total":"0","net_total":"399","returning_customer":"0","status":"wc-cancelled","customer_id":"829","date_paid":"0000-00-00 00:00:00","date_completed":"0000-00-00 00:00:00"},
{"order_id":"834","parent_id":"0","date_created":"2019-12-05 16:25:15","date_created_gmt":"2019-12-05 16:25:15","num_items_sold":"1","total_sales":"899","tax_total":"0","shipping_total":"0","net_total":"899","returning_customer":"0","status":"wc-failed","customer_id":"830","date_paid":"0000-00-00 00:00:00","date_completed":"0000-00-00 00:00:00"},
{"order_id":"835","parent_id":"0","date_created":"2019-12-05 16:34:34","date_created_gmt":"2019-12-05 16:34:34","num_items_sold":"1","total_sales":"498","tax_total":"0","shipping_total":"99","net_total":"399","returning_customer":"0","status":"wc-failed","customer_id":"831","date_paid":"0000-00-00 00:00:00","date_completed":"0000-00-00 00:00:00"},
{"order_id":"836","parent_id":"0","date_created":"2019-12-05 16:40:18","date_created_gmt":"2019-12-05 16:40:18","num_items_sold":"1","total_sales":"219","tax_total":"0","shipping_total":"99","net_total":"120","returning_customer":"0","status":"wc-cancelled","customer_id":"831","date_paid":"0000-00-00 00:00:00","date_completed":"0000-00-00 00:00:00"},
{"order_id":"837","parent_id":"0","date_created":"2019-12-05 16:43:31","date_created_gmt":"2019-12-05 16:43:31","num_items_sold":"2","total_sales":"1697","tax_total":"0","shipping_total":"99","net_total":"1598","returning_customer":"0","status":"wc-cancelled","customer_id":"831","date_paid":"0000-00-00 00:00:00","date_completed":"0000-00-00 00:00:00"},
{"order_id":"840","parent_id":"0","date_created":"2019-12-06 05:37:34","date_created_gmt":"2019-12-06 05:37:34","num_items_sold":"1","total_sales":"2549","tax_total":"0","shipping_total":"99","net_total":"2450","returning_customer":"0","status":"wc-failed","customer_id":"832","date_paid":"0000-00-00 00:00:00","date_completed":"0000-00-00 00:00:00"},
{"order_id":"841","parent_id":"0","date_created":"2019-12-06 10:36:48","date_created_gmt":"2019-12-06 10:36:48","num_items_sold":"3","total_sales":"7350","tax_total":"0","shipping_total":"0","net_total":"7350","returning_customer":"0","status":"wc-failed","customer_id":"833","date_paid":"0000-00-00 00:00:00","date_completed":"0000-00-00 00:00:00"},
{"order_id":"4292","parent_id":"0","date_created":"2020-03-19 04:29:06","date_created_gmt":"2020-03-19 04:29:06","num_items_sold":"1","total_sales":"799","tax_total":"0","shipping_total":"0","net_total":"799","returning_customer":"0","status":"wc-completed","customer_id":"834","date_paid":"2020-03-18 21:29:12","date_completed":"2020-08-27 03:40:02"},
{"order_id":"4930","parent_id":"0","date_created":"2020-04-06 16:41:26","date_created_gmt":"2020-04-06 16:41:26","num_items_sold":"1","total_sales":"399","tax_total":"0","shipping_total":"0","net_total":"399","returning_customer":"0","status":"wc-failed","customer_id":"835","date_paid":"0000-00-00 00:00:00","date_completed":"0000-00-00 00:00:00"},
{"order_id":"4931","parent_id":"0","date_created":"2020-04-06 19:33:23","date_created_gmt":"2020-04-06 19:33:23","num_items_sold":"1","total_sales":"1.2","tax_total":"0","shipping_total":"0","net_total":"1.2","returning_customer":"0","status":"wc-failed","customer_id":"836","date_paid":"0000-00-00 00:00:00","date_completed":"0000-00-00 00:00:00"},
{"order_id":"4932","parent_id":"0","date_created":"2020-04-06 20:08:33","date_created_gmt":"2020-04-06 20:08:33","num_items_sold":"1","total_sales":"1.2","tax_total":"0","shipping_total":"0","net_total":"1.2","returning_customer":"0","status":"wc-refunded","customer_id":"837","date_paid":"2020-04-06 13:08:38","date_completed":"0000-00-00 00:00:00"},
{"order_id":"4933","parent_id":"4932","date_created":"2020-04-06 20:10:18","date_created_gmt":"2020-04-06 20:10:18","num_items_sold":"0","total_sales":"-1.2","tax_total":"0","shipping_total":"0","net_total":"-1.2","returning_customer":null,"status":"wc-refunded","customer_id":"837","date_paid":"0000-00-00 00:00:00","date_completed":"0000-00-00 00:00:00"},
{"order_id":"4934","parent_id":"0","date_created":"2020-04-24 10:39:52","date_created_gmt":"2020-04-24 10:39:52","num_items_sold":"1","total_sales":"450","tax_total":"0","shipping_total":"0","net_total":"450","returning_customer":"0","status":"wc-failed","customer_id":"835","date_paid":"0000-00-00 00:00:00","date_completed":"0000-00-00 00:00:00"},
{"order_id":"4998","parent_id":"0","date_created":"2020-06-17 03:33:23","date_created_gmt":"2020-06-17 03:33:23","num_items_sold":"1","total_sales":"195","tax_total":"0","shipping_total":"0","net_total":"195","returning_customer":"0","status":"wc-completed","customer_id":"839","date_paid":"2020-06-16 20:43:02","date_completed":"2020-06-25 06:41:40"},
{"order_id":"5014","parent_id":"0","date_created":"2020-06-23 19:32:56","date_created_gmt":"2020-06-23 19:32:56","num_items_sold":"1","total_sales":"799","tax_total":"0","shipping_total":"0","net_total":"799","returning_customer":"0","status":"wc-cancelled","customer_id":"840","date_paid":"0000-00-00 00:00:00","date_completed":"0000-00-00 00:00:00"},
{"order_id":"5016","parent_id":"0","date_created":"2020-07-03 03:42:50","date_created_gmt":"2020-07-03 03:42:50","num_items_sold":"2","total_sales":"1149","tax_total":"0","shipping_total":"0","net_total":"1149","returning_customer":"0","status":"wc-completed","customer_id":"841","date_paid":"2020-07-02 20:42:55","date_completed":"2020-08-27 03:40:03"},
{"order_id":"5017","parent_id":"0","date_created":"2020-07-03 03:52:38","date_created_gmt":"2020-07-03 03:52:38","num_items_sold":"2","total_sales":"240","tax_total":"0","shipping_total":"0","net_total":"240","returning_customer":"0","status":"wc-completed","customer_id":"842","date_paid":"2020-07-02 20:52:43","date_completed":"2020-08-27 03:40:04"},
{"order_id":"5018","parent_id":"0","date_created":"2020-07-04 03:55:27","date_created_gmt":"2020-07-04 03:55:27","num_items_sold":"2","total_sales":"1149","tax_total":"0","shipping_total":"0","net_total":"1149","returning_customer":"0","status":"wc-completed","customer_id":"843","date_paid":"2020-07-03 20:55:34","date_completed":"2020-08-27 03:40:04"},
{"order_id":"5037","parent_id":"0","date_created":"2020-07-11 01:15:05","date_created_gmt":"2020-07-11 01:15:05","num_items_sold":"2","total_sales":"1149","tax_total":"0","shipping_total":"0","net_total":"1149","returning_customer":"1","status":"wc-completed","customer_id":"841","date_paid":"2020-07-10 18:15:11","date_completed":"2020-08-27 03:23:36"},
{"order_id":"5075","parent_id":"0","date_created":"2020-08-09 09:25:35","date_created_gmt":"2020-08-09 09:25:35","num_items_sold":"1","total_sales":"849","tax_total":"0","shipping_total":"50","net_total":"799","returning_customer":"0","status":"wc-failed","customer_id":"844","date_paid":"0000-00-00 00:00:00","date_completed":"0000-00-00 00:00:00"},
{"order_id":"6174","parent_id":"0","date_created":"2021-02-20 01:20:22","date_created_gmt":"2021-02-20 01:20:22","num_items_sold":"2","total_sales":"594","tax_total":"0","shipping_total":"0","net_total":"594","returning_customer":"0","status":"wc-processing","customer_id":"2925","date_paid":"2021-02-19 18:20:27","date_completed":"0000-00-00 00:00:00"},
{"order_id":"6175","parent_id":"0","date_created":"2021-02-27 03:23:16","date_created_gmt":"2021-02-27 03:23:16","num_items_sold":"2","total_sales":"749","tax_total":"0","shipping_total":"0","net_total":"749","returning_customer":"0","status":"wc-failed","customer_id":"2926","date_paid":"0000-00-00 00:00:00","date_completed":"0000-00-00 00:00:00"},
{"order_id":"6176","parent_id":"0","date_created":"2021-02-27 03:25:17","date_created_gmt":"2021-02-27 03:25:17","num_items_sold":"1","total_sales":"350","tax_total":"0","shipping_total":"0","net_total":"350","returning_customer":"0","status":"wc-processing","customer_id":"2926","date_paid":"2021-02-26 20:36:17","date_completed":"0000-00-00 00:00:00"},
{"order_id":"6178","parent_id":"0","date_created":"2021-03-04 06:27:57","date_created_gmt":"2021-03-04 06:27:57","num_items_sold":"1","total_sales":"399","tax_total":"0","shipping_total":"0","net_total":"399","returning_customer":"0","status":"wc-cancelled","customer_id":"2927","date_paid":"0000-00-00 00:00:00","date_completed":"0000-00-00 00:00:00"},
{"order_id":"6182","parent_id":"0","date_created":"2021-03-22 06:53:34","date_created_gmt":"2021-03-22 06:53:34","num_items_sold":"1","total_sales":"100","tax_total":"0","shipping_total":"0","net_total":"100","returning_customer":"0","status":"wc-failed","customer_id":"2928","date_paid":"0000-00-00 00:00:00","date_completed":"0000-00-00 00:00:00"},
{"order_id":"6183","parent_id":"0","date_created":"2021-03-22 18:48:31","date_created_gmt":"2021-03-22 18:48:31","num_items_sold":"1","total_sales":"399","tax_total":"0","shipping_total":"0","net_total":"399","returning_customer":"0","status":"wc-processing","customer_id":"2927","date_paid":"2021-03-22 11:48:36","date_completed":"0000-00-00 00:00:00"},
{"order_id":"6184","parent_id":"0","date_created":"2021-04-02 12:07:30","date_created_gmt":"2021-04-02 12:07:30","num_items_sold":"1","total_sales":"699","tax_total":"0","shipping_total":"0","net_total":"699","returning_customer":"0","status":"wc-failed","customer_id":"2931","date_paid":"0000-00-00 00:00:00","date_completed":"0000-00-00 00:00:00"},
{"order_id":"6185","parent_id":"0","date_created":"2021-04-02 13:27:00","date_created_gmt":"2021-04-02 13:27:00","num_items_sold":"1","total_sales":"100","tax_total":"0","shipping_total":"0","net_total":"100","returning_customer":"0","status":"wc-failed","customer_id":"2932","date_paid":"0000-00-00 00:00:00","date_completed":"0000-00-00 00:00:00"},
{"order_id":"6186","parent_id":"0","date_created":"2021-04-02 22:47:53","date_created_gmt":"2021-04-02 22:47:53","num_items_sold":"1","total_sales":"450","tax_total":"0","shipping_total":"0","net_total":"450","returning_customer":"0","status":"wc-failed","customer_id":"2933","date_paid":"0000-00-00 00:00:00","date_completed":"0000-00-00 00:00:00"},
{"order_id":"6187","parent_id":"0","date_created":"2021-04-19 19:36:18","date_created_gmt":"2021-04-19 19:36:18","num_items_sold":"3","total_sales":"1637","tax_total":"0","shipping_total":"40","net_total":"1597","returning_customer":"0","status":"wc-failed","customer_id":"2934","date_paid":"2021-04-19 12:36:24","date_completed":"0000-00-00 00:00:00"},
{"order_id":"6188","parent_id":"0","date_created":"2021-04-24 17:30:25","date_created_gmt":"2021-04-24 17:30:25","num_items_sold":"1","total_sales":"140","tax_total":"0","shipping_total":"40","net_total":"100","returning_customer":"0","status":"wc-failed","customer_id":"2935","date_paid":"0000-00-00 00:00:00","date_completed":"0000-00-00 00:00:00"},
{"order_id":"6191","parent_id":"0","date_created":"2021-05-17 05:17:36","date_created_gmt":"2021-05-17 05:17:36","num_items_sold":"3","total_sales":"1197","tax_total":"0","shipping_total":"0","net_total":"1197","returning_customer":"1","status":"wc-completed","customer_id":"2927","date_paid":"2021-05-16 22:17:40","date_completed":"2021-06-04 12:10:10"},
{"order_id":"6194","parent_id":"0","date_created":"2021-06-03 19:38:56","date_created_gmt":"2021-06-03 19:38:56","num_items_sold":"1","total_sales":"195","tax_total":"0","shipping_total":"0","net_total":"195","returning_customer":"1","status":"wc-completed","customer_id":"2927","date_paid":"2021-06-03 12:39:01","date_completed":"2021-07-28 03:52:48"},
{"order_id":"6198","parent_id":"0","date_created":"2021-06-17 04:47:52","date_created_gmt":"2021-06-17 04:47:52","num_items_sold":"1","total_sales":"399","tax_total":"0","shipping_total":"0","net_total":"399","returning_customer":"1","status":"wc-completed","customer_id":"2927","date_paid":"2021-06-16 21:47:56","date_completed":"2021-07-28 03:52:48"},
{"order_id":"6199","parent_id":"0","date_created":"2021-06-22 00:56:05","date_created_gmt":"2021-06-22 00:56:05","num_items_sold":"1","total_sales":"350","tax_total":"0","shipping_total":"0","net_total":"350","returning_customer":"0","status":"wc-failed","customer_id":"2936","date_paid":"2021-06-21 17:56:09","date_completed":"0000-00-00 00:00:00"},
{"order_id":"6200","parent_id":"0","date_created":"2021-06-22 01:02:42","date_created_gmt":"2021-06-22 01:02:42","num_items_sold":"1","total_sales":"169","tax_total":"0","shipping_total":"0","net_total":"169","returning_customer":"1","status":"wc-failed","customer_id":"2936","date_paid":"2021-06-21 18:02:46","date_completed":"0000-00-00 00:00:00"},
{"order_id":"6201","parent_id":"0","date_created":"2021-07-08 01:15:09","date_created_gmt":"2021-07-08 01:15:09","num_items_sold":"1","total_sales":"450","tax_total":"0","shipping_total":"0","net_total":"450","returning_customer":"0","status":"wc-processing","customer_id":"2937","date_paid":"2021-07-07 18:15:13","date_completed":"0000-00-00 00:00:00"},
{"order_id":"6203","parent_id":"0","date_created":"2021-07-10 07:43:51","date_created_gmt":"2021-07-10 07:43:51","num_items_sold":"1","total_sales":"450","tax_total":"0","shipping_total":"0","net_total":"450","returning_customer":"1","status":"wc-completed","customer_id":"2927","date_paid":"2021-07-10 00:43:55","date_completed":"2021-07-28 03:52:48"},
{"order_id":"6204","parent_id":"0","date_created":"2021-07-13 09:49:15","date_created_gmt":"2021-07-13 09:49:15","num_items_sold":"1","total_sales":"350","tax_total":"0","shipping_total":"0","net_total":"350","returning_customer":"0","status":"wc-cancelled","customer_id":"836","date_paid":"0000-00-00 00:00:00","date_completed":"0000-00-00 00:00:00"},
{"order_id":"6205","parent_id":"0","date_created":"2021-07-16 21:02:36","date_created_gmt":"2021-07-16 21:02:36","num_items_sold":"1","total_sales":"799","tax_total":"0","shipping_total":"0","net_total":"799","returning_customer":"0","status":"wc-failed","customer_id":"2938","date_paid":"0000-00-00 00:00:00","date_completed":"0000-00-00 00:00:00"},
{"order_id":"6207","parent_id":"0","date_created":"2021-07-19 14:41:52","date_created_gmt":"2021-07-19 14:41:52","num_items_sold":"1","total_sales":"399","tax_total":"0","shipping_total":"0","net_total":"399","returning_customer":"0","status":"wc-completed","customer_id":"2939","date_paid":"2021-07-19 07:41:56","date_completed":"2021-07-28 03:51:35"},
{"order_id":"6209","parent_id":"0","date_created":"2021-08-09 10:19:20","date_created_gmt":"2021-08-09 10:19:20","num_items_sold":"1","total_sales":"399","tax_total":"0","shipping_total":"0","net_total":"399","returning_customer":"1","status":"wc-completed","customer_id":"2927","date_paid":"2021-08-09 03:19:24","date_completed":"2021-09-30 00:02:59"},
{"order_id":"6210","parent_id":"0","date_created":"2021-08-13 23:06:38","date_created_gmt":"2021-08-13 23:06:38","num_items_sold":"1","total_sales":"390","tax_total":"0","shipping_total":"40","net_total":"350","returning_customer":"0","status":"wc-completed","customer_id":"2940","date_paid":"2021-08-13 16:06:42","date_completed":"2021-09-30 00:02:54"},
{"order_id":"6212","parent_id":"0","date_created":"2021-08-28 07:57:31","date_created_gmt":"2021-08-28 07:57:31","num_items_sold":"1","total_sales":"120","tax_total":"0","shipping_total":"0","net_total":"120","returning_customer":"0","status":"wc-failed","customer_id":"2933","date_paid":"0000-00-00 00:00:00","date_completed":"0000-00-00 00:00:00"},
{"order_id":"6213","parent_id":"0","date_created":"2021-09-02 16:51:36","date_created_gmt":"2021-09-02 16:51:36","num_items_sold":"1","total_sales":"399","tax_total":"0","shipping_total":"0","net_total":"399","returning_customer":"1","status":"wc-completed","customer_id":"2927","date_paid":"2021-09-02 09:51:40","date_completed":"2021-09-30 00:02:31"},
{"order_id":"6215","parent_id":"0","date_created":"2021-09-09 16:16:47","date_created_gmt":"2021-09-09 16:16:47","num_items_sold":"1","total_sales":"399","tax_total":"0","shipping_total":"0","net_total":"399","returning_customer":"1","status":"wc-completed","customer_id":"2927","date_paid":"2021-09-09 09:16:51","date_completed":"2021-09-30 00:02:10"},
{"order_id":"6217","parent_id":"0","date_created":"2021-09-29 17:44:02","date_created_gmt":"2021-09-29 17:44:02","num_items_sold":"1","total_sales":"399","tax_total":"0","shipping_total":"0","net_total":"399","returning_customer":"1","status":"wc-completed","customer_id":"2927","date_paid":"2021-09-29 10:44:06","date_completed":"2022-02-15 19:13:15"},
{"order_id":"6258","parent_id":"0","date_created":"2021-11-03 14:54:48","date_created_gmt":"2021-11-03 14:54:48","num_items_sold":"1","total_sales":"399","tax_total":"0","shipping_total":"0","net_total":"399","returning_customer":"1","status":"wc-completed","customer_id":"2927","date_paid":"2021-11-03 07:54:51","date_completed":"2022-02-15 19:13:16"},
{"order_id":"6273","parent_id":"0","date_created":"2021-11-11 05:31:03","date_created_gmt":"2021-11-11 05:31:03","num_items_sold":"1","total_sales":"195","tax_total":"0","shipping_total":"0","net_total":"195","returning_customer":"1","status":"wc-completed","customer_id":"2927","date_paid":"2021-11-10 22:31:07","date_completed":"2022-02-15 19:13:16"},
{"order_id":"6295","parent_id":"0","date_created":"2021-12-06 23:46:52","date_created_gmt":"2021-12-06 23:46:52","num_items_sold":"2","total_sales":"789","tax_total":"0","shipping_total":"40","net_total":"749","returning_customer":"0","status":"wc-cancelled","customer_id":"2943","date_paid":"0000-00-00 00:00:00","date_completed":"0000-00-00 00:00:00"},
{"order_id":"6488","parent_id":"0","date_created":"2022-01-09 17:17:08","date_created_gmt":"2022-01-09 17:17:08","num_items_sold":"1","total_sales":"399","tax_total":"0","shipping_total":"0","net_total":"399","returning_customer":"1","status":"wc-completed","customer_id":"2927","date_paid":"2022-01-09 10:17:12","date_completed":"2022-02-15 19:12:37"},
{"order_id":"6540","parent_id":"0","date_created":"2022-01-19 20:20:38","date_created_gmt":"2022-01-19 20:20:38","num_items_sold":"2","total_sales":"568","tax_total":"0","shipping_total":"0","net_total":"568","returning_customer":"1","status":"wc-completed","customer_id":"2927","date_paid":"2022-01-19 13:20:42","date_completed":"2022-02-15 19:12:37"},
{"order_id":"6644","parent_id":"0","date_created":"2022-02-04 18:35:06","date_created_gmt":"2022-02-04 18:35:06","num_items_sold":"1","total_sales":"399","tax_total":"0","shipping_total":"0","net_total":"399","returning_customer":"1","status":"wc-completed","customer_id":"2927","date_paid":"2022-02-04 11:35:10","date_completed":"2022-08-06 10:46:33"},
{"order_id":"6781","parent_id":"0","date_created":"2022-02-18 16:54:38","date_created_gmt":"2022-02-18 16:54:38","num_items_sold":"1","total_sales":"839","tax_total":"0","shipping_total":"40","net_total":"799","returning_customer":"0","status":"wc-processing","customer_id":"2943","date_paid":"2022-02-18 09:54:42","date_completed":"0000-00-00 00:00:00"},
{"order_id":"6863","parent_id":"0","date_created":"2022-03-07 03:08:04","date_created_gmt":"2022-03-07 03:08:04","num_items_sold":"1","total_sales":"195","tax_total":"0","shipping_total":"0","net_total":"195","returning_customer":"0","status":"wc-failed","customer_id":"2945","date_paid":"0000-00-00 00:00:00","date_completed":"0000-00-00 00:00:00"},
{"order_id":"7036","parent_id":"0","date_created":"2022-03-30 07:33:13","date_created_gmt":"2022-03-30 07:33:13","num_items_sold":"2","total_sales":"798","tax_total":"0","shipping_total":"0","net_total":"798","returning_customer":"0","status":"wc-failed","customer_id":"2946","date_paid":"0000-00-00 00:00:00","date_completed":"0000-00-00 00:00:00"},
{"order_id":"7230","parent_id":"0","date_created":"2022-05-03 21:36:07","date_created_gmt":"2022-05-03 21:36:07","num_items_sold":"2","total_sales":"594","tax_total":"0","shipping_total":"0","net_total":"594","returning_customer":"1","status":"wc-completed","customer_id":"2927","date_paid":"2022-05-03 14:36:11","date_completed":"2022-08-06 10:46:33"},
{"order_id":"7285","parent_id":"0","date_created":"2022-06-27 07:21:40","date_created_gmt":"2022-06-27 07:21:40","num_items_sold":"1","total_sales":"450","tax_total":"0","shipping_total":"0","net_total":"450","returning_customer":"1","status":"wc-completed","customer_id":"2927","date_paid":"2022-06-27 00:21:44","date_completed":"2022-08-06 10:46:33"},
{"order_id":"7343","parent_id":"0","date_created":"2022-07-07 19:53:22","date_created_gmt":"2022-07-07 19:53:22","num_items_sold":"1","total_sales":"399","tax_total":"0","shipping_total":"0","net_total":"399","returning_customer":"0","status":"wc-cancelled","customer_id":"2949","date_paid":"0000-00-00 00:00:00","date_completed":"0000-00-00 00:00:00"},
{"order_id":"7360","parent_id":"0","date_created":"2022-07-11 17:54:31","date_created_gmt":"2022-07-11 17:54:31","num_items_sold":"2","total_sales":"798","tax_total":"0","shipping_total":"0","net_total":"798","returning_customer":"1","status":"wc-completed","customer_id":"2927","date_paid":"2022-07-11 10:54:35","date_completed":"2022-08-06 10:46:34"},
{"order_id":"11627","parent_id":"0","date_created":"2022-08-06 18:08:39","date_created_gmt":"2022-08-06 18:08:39","num_items_sold":"1","total_sales":"399","tax_total":"0","shipping_total":"0","net_total":"399","returning_customer":"1","status":"wc-processing","customer_id":"2927","date_paid":"2022-08-06 11:08:43","date_completed":"0000-00-00 00:00:00"},
{"order_id":"12495","parent_id":"0","date_created":"2022-11-09 15:30:52","date_created_gmt":"2022-11-09 15:30:52","num_items_sold":"1","total_sales":"399","tax_total":"0","shipping_total":"0","net_total":"399","returning_customer":"0","status":"wc-cancelled","customer_id":"2950","date_paid":"0000-00-00 00:00:00","date_completed":"0000-00-00 00:00:00"},
{"order_id":"13049","parent_id":"0","date_created":"2024-04-03 08:21:09","date_created_gmt":"2024-04-03 08:21:09","num_items_sold":"1","total_sales":"799","tax_total":"0","shipping_total":"0","net_total":"799","returning_customer":"0","status":"wc-processing","customer_id":"3338","date_paid":"2024-04-03 08:21:17","date_completed":null},
{"order_id":"13055","parent_id":"0","date_created":"2024-12-20 03:22:18","date_created_gmt":"2024-12-20 03:22:18","num_items_sold":"1","total_sales":"799","tax_total":"0","shipping_total":"0","net_total":"799","returning_customer":"0","status":"wc-cancelled","customer_id":"4145","date_paid":null,"date_completed":null}
]
}
]
